@ARTICLE{goldreich1979excitation,
   author = {{Goldreich}, P. and {Tremaine}, S.},
    title = "{The excitation of density waves at the Lindblad and corotation resonances by an external potential}",
  journal = {\apj},
 keywords = {DENSITY WAVE MODEL, GALACTIC STRUCTURE, ROTATING DISKS, ASTRODYNAMICS, HYDRODYNAMICS, RESONANCE, STELLAR MOTIONS, WAVE EXCITATION},
     year = 1979,
    month = nov,
   volume = 233,
    pages = {857-871},
      doi = {10.1086/157448},
   adsurl = {http://adsabs.harvard.edu/abs/1979ApJ...233..857G},
  adsnote = {Provided by the SAO/NASA Astrophysics Data System}
}

@ARTICLE{lin1986tidal,
   author = {{Lin}, D.~N.~C. and {Papaloizou}, J.},
    title = "{On the tidal interaction between protoplanets and the protoplanetary disk. III - Orbital migration of protoplanets}",
  journal = {\apj},
 keywords = {PLANETARY EVOLUTION, PROTOPLANETS, STELLAR EVOLUTION, STELLAR MODELS, TIDES, ANGULAR MOMENTUM, FEEDBACK, MOMENTUM TRANSFER, ORBIT PERTURBATION},
     year = 1986,
    month = oct,
   volume = 309,
    pages = {846-857},
      doi = {10.1086/164653},
   adsurl = {http://adsabs.harvard.edu/abs/1986ApJ...309..846L},
  adsnote = {Provided by the SAO/NASA Astrophysics Data System}
}

@ARTICLE{shakura1989black,
   author = {{Shakura}, N.~I. and {Sunyaev}, R.~A.},
    title = "{Black holes in binary systems. Observational appearance.}",
  journal = {\aap},
     year = 1973,
   volume = 24,
    pages = {337-355},
   adsurl = {http://adsabs.harvard.edu/abs/1973A%26A....24..337S},
  adsnote = {Provided by the SAO/NASA Astrophysics Data System}
}

@ARTICLE{1992Natur.355..145W,
   author = {{Wolszczan}, A. and {Frail}, D.~A.},
    title = "{A planetary system around the millisecond pulsar PSR1257 + 12}",
  journal = {\nat},
 keywords = {BINARY STARS, EXTRASOLAR PLANETS, ORBITAL MECHANICS, PLANETARY SYSTEMS, PULSARS, ACCRETION DISKS, LEAST SQUARES METHOD, NEUTRON STARS, RADIO ASTRONOMY, SUPERNOVA REMNANTS},
     year = 1992,
    month = jan,
   volume = 355,
    pages = {145-147},
      doi = {10.1038/355145a0},
   adsurl = {http://adsabs.harvard.edu/abs/1992Natur.355..145W},
  adsnote = {Provided by the SAO/NASA Astrophysics Data System}
}

@ARTICLE{1995Natur.378..355M,
   author = {{Mayor}, M. and {Queloz}, D.},
    title = "{A Jupiter-mass companion to a solar-type star}",
  journal = {\nat},
     year = 1995,
    month = nov,
   volume = 378,
    pages = {355-359},
      doi = {10.1038/378355a0},
   adsurl = {http://adsabs.harvard.edu/abs/1995Natur.378..355M},
  adsnote = {Provided by the SAO/NASA Astrophysics Data System}
}

@ARTICLE{ward1997protoplanet,
   author = {{Ward}, W.~R.},
    title = "{Protoplanet Migration by Nebula Tides}",
  journal = {\icarus},
     year = 1997,
    month = apr,
   volume = 126,
    pages = {261-281},
      doi = {10.1006/icar.1996.5647},
   adsurl = {http://adsabs.harvard.edu/abs/1997Icar..126..261W},
  adsnote = {Provided by the SAO/NASA Astrophysics Data System}
}

@ARTICLE{chambers1999hybrid,
   author = {{Chambers}, J.~E.},
    title = "{A hybrid symplectic integrator that permits close encounters between massive bodies}",
  journal = {\mnras},
 keywords = {ACCRETION, ACCRETION DISCS, METHODS: NUMERICAL, CELESTIAL MECHANICS, STELLAR DYNAMICS, SOLAR SYSTEM: GENERAL},
     year = 1999,
    month = apr,
   volume = 304,
    pages = {793-799},
      doi = {10.1046/j.1365-8711.1999.02379.x},
   adsurl = {http://adsabs.harvard.edu/abs/1999MNRAS.304..793C},
  adsnote = {Provided by the SAO/NASA Astrophysics Data System}
}

@ARTICLE{masset2003runaway,
   author = {{Masset}, F.~S. and {Papaloizou}, J.~C.~B.},
    title = "{Runaway Migration and the Formation of Hot Jupiters}",
  journal = {\apj},
   eprint = {arXiv:astro-ph/0301171},
 keywords = {Accretion, Accretion Disks, Hydrodynamics, Methods: Numerical, Stars: Planetary Systems: Formation, Stars: Planetary Systems: Protoplanetary Disks},
     year = 2003,
    month = may,
   volume = 588,
    pages = {494-508},
      doi = {10.1086/373892},
   adsurl = {http://adsabs.harvard.edu/abs/2003ApJ...588..494M},
  adsnote = {Provided by the SAO/NASA Astrophysics Data System}
}

@BOOK{barnes2010formation,
   author = {{Barnes}, R.},
    title = "{Formation and Evolution of Exoplanets}",
booktitle = {Formation and Evolution of Exoplanets by Rory Barnes.~Wiley, 2010.~ISBN: 978-3-527-40896-2},
     year = 2010,
   adsurl = {http://adsabs.harvard.edu/abs/2010fee..book.....B},
  adsnote = {Provided by the SAO/NASA Astrophysics Data System}
}

@ARTICLE{mayor2011road,
   author = {{Mayor}, M. and {Lovis}, C. and {Pepe}, F. and {S{\'e}gransan}, D. and 
	{Udry}, S.},
    title = "{The road to Earth twins}",
  journal = {Astronomische Nachrichten},
 keywords = {planets and satellites: general, techniques: radial velocities, techniques: spectroscopic},
     year = 2011,
    month = jun,
   volume = 332,
    pages = {429},
      doi = {10.1002/asna.201111558},
   adsurl = {http://adsabs.harvard.edu/abs/2011AN....332..429M},
  adsnote = {Provided by the SAO/NASA Astrophysics Data System}
}

